@book{Dieguez2009,
author = {Diéguez-Aranda, Ulises and Rojo-Alboreca, Alberto and Castedo-Dorado, Fernando and Álvarez-González, Juan Gabriel and Barrio-Anta, Marcos and Crecente-Campo, Felipe and González-González, José Mario and Pérez-Cruzado, César and Rodríguez-Soalleiro, Roque and López-Sánchez, Carlos and Balboa-Murias, Miguel Ángel and Gorgoso-Varela, José Javier and Sánchez-Rodríguez, Federico},
year = {2009},
month = {12},
pages = {268},
title = {Herramientas selvícolas para la gestión forestal sostenible en Galicia},
isbn = {978-84-692-7395-1}
}

@misc{BE_sf,
title        = "Tabla tipos de interés legal",
author       = "{Banco de España}",
howpublished = "\url{https://clientebancario.bde.es/pcb/es/menu-horizontal/productosservici/relacionados/tiposinteres/guia-textual/tiposinteresrefe/Tabla_tipos_de_interes_legal.html}",
year         = "s.f.",
note         = "Recuperado: 2020-08-24"
}

@article{Bravo2004,
	author = {{Felipe Bravo} and {Luis Diaz-Balteiro}},
	title = {Evaluation of new silvicultural alternatives for Scots pine stands in northern Spain},
	DOI= "10.1051/forest:2004008",
	url= "https://doi.org/10.1051/forest:2004008",
	journal = {Ann. For. Sci.},
	year = 2004,
	volume = 61,
	number = 2,
	pages = "163-169",
	month = ""
}

@article{Bravo2008,
	author = {{Felipe Bravo} and {Andrés Bravo-Oviedo} and {Luis Diaz-Balteiro}},
	title = {Carbon sequestration in Spanish Mediterranean forests under two management alternatives: a modeling approach},
	url= "https://doi.org/10.1007/s10342-007-0198-y",
	DOI= "10.1007/s10342-007-0198-y",
	journal = {European Journal of Forest Research},
	year = 2008,
	volume = 127,
	number = 3,
	pages = "225-234",
	month = "May",
	abstract = {Management implications associated with two different silvicultural strategies in two Spanish pine forests (Scots pine stands in northern Spain and Mediterranean Maritime pine stands in Central Spain) were explored. Whole-stand yield, growth models and individual tree equations were used to estimate carbon stock in forests under different silvicultural alternatives and site indexes. Each alternative was evaluated on the basis of the land expectation value (LEV). Results reveal the appropriateness of implementing carbon payments, because it can clearly complement traditional management objectives in economic terms. Longer rotations on the poorest sites result in a positive economic return by introducing carbon output. The proportion of carbon stock in the final harvest relative to total fixed carbon is always higher in long rotation scenarios. However, short rotation systems produce the highest values of carbon MAI regardless of site index. The impact of carbon price is higher on the Maritime pine stands than on Scots pine stands. For both the species, changes in the discount rate have a minor impact on Carbon LEV. Notwithstanding, the proportion of total LEV due to carbon is greater when the discount rate increases.}
}

@article{DiazBalteiro1998,
author = {{Antonio Prieto Rodríguez} and {Luis Díaz Balteiro} and {Andrés Hernando Pertierra}},
title = {Valoración de montes arbolados},
journal = {CT-Catastro},
year = 1998,
number = 33,
pages = "65-82",
month = Septiembre
}

@article{DiazBalteiro1999,
author = {{Antonio Prieto Rodríguez} and {Luis Díaz Balteiro} and {Andrés Hernando Pertierra}},
title = {Valoración de montes arbolados (Parte II)},
journal = {Catastro},
year = 1999,
number = 36,
pages = "37-52",
month = Julio
}

@misc{xunta2019,
title        = "Xunta de Galicia. ORDEN de 19 de diciembre de 2018 por la que se establecen las bases reguladoras de las ayudas para la creación de superficies forestales, cofinanciadas con el Fondo Europeo Agrícola de Desarrollo Rural (Feader), en el marco del Programa de desarrollo rural de Galicia 2014-2020, y se convocan para el año 2019. DOG Núm. 13 Viernes, 18 de enero de 2019",
author       = "{Consellería del Medio Rural}",
howpublished = "",
year         = "",
note         = ""
}

